@book{kaehler2016learning,
  title={Learning OpenCV 3: computer vision in C++ with the OpenCV library},
  author={Kaehler, Adrian and Bradski, Gary},
  year={2016},
  publisher={" O'Reilly Media, Inc."}
}

@article{article,
author = {Munera, Eduardo and Muñoz Alcobendas, Manuel and Blanes, Francisco and Benet Gilabert, Ginés and Simo, Jose},
year = {2013},
month = {11},
pages = {14954-83},
title = {A Reliability-Based Particle Filter for Humanoid Robot Self-Localization in RoboCup Standard Platform League},
volume = {13},
journal = {Sensors (Basel, Switzerland)},
doi = {10.3390/s131114954}
}