@article{horn1981determining,
  title		=	{Determining optical flow},
  author	=	{Horn, Berthold KP and Schunck, Brian G},
  journal	=	{Artificial intelligence},
  volume	=	{17},
  number	=	{1-3},
  pages		=	{185--203},
  year		=	{1981},
  publisher	=	{Elsevier}
}

@article{meinhardt2013horn,
  title		=	{Horn-schunck optical flow with a multi-scale strategy},
  author	=	{Meinhardt-Llopis, Enric and P{\'e}rez, Javier S{\'a}nchez and Kondermann, Daniel},
  journal	=	{Image Processing on line},
  volume	=	{2013},
  pages		=	{151--172},
  year		=	{2013}
}

@figure{barberpole,
  title		=	{Optic Flow, lec 12},
  author	=	{Robyn Owens},
  journal	=	{Image Processing on line},
  volume	=	{12},
  year		=	{1997}
}

@article{MachineVisionLecture11,
  author    =   "Dr. Chris Renton",
  title     =   "Advanced Estimation, Machine Vission",
  journal   =   "Lecture 11",
  year		=	{2018}
}

@article{lucas1981iterative,
  title={An iterative image registration technique with an application to stereo vision},
  author={Lucas, Bruce D and Kanade, Takeo and others},
  year={1981},
  publisher={Vancouver, British Columbia}
}

@inproceedings{chang2016experimental,
  title={An experimental evaluation of balance strategy based obstacle avoidance},
  author={Chang, Ruijuan and Ding, Rong and Lin, Mengxiang and Meng, Dechao and Wu, Zeye and Hang, Meng},
  booktitle={Control, Automation, Robotics and Vision (ICARCV), 2016 14th International Conference on},
  pages={1--6},
  year={2016},
  organization={IEEE}
}

@article{altshuler2018comparison,
  title={Comparison of Visually Guided Flight in Insects and Birds},
  author={Altshuler, Douglas L and Srinivasan, Mandyam V},
  journal={Frontiers in neuroscience},
  volume={12},
  pages={157},
  year={2018},
  publisher={Frontiers}
}

@article{nelson1988finding,
  title={Finding motion parameters from spherical motion fields (or the advantages of having eyes in the back of your head)},
  author={Nelson, Randal C and Aloimonos, John},
  journal={Biological cybernetics},
  volume={58},
  number={4},
  pages={261--273},
  year={1988},
  publisher={Springer}
}

@inproceedings{sun2010secrets,
  title={Secrets of optical flow estimation and their principles},
  author={Sun, Deqing and Roth, Stefan and Black, Michael J},
  booktitle={Computer Vision and Pattern Recognition (CVPR), 2010 IEEE Conference on},
  pages={2432--2439},
  year={2010},
  organization={IEEE}
}

@article{timsFYP,
  title={Localisation using Dense Optic Flow},
  author={Timothy Farnworth},
  journal={Final Year Report},
  pages={19--24},
  year={2018},
}

@article{souhila2007optical,
  title={Optical flow based robot obstacle avoidance},
  author={Souhila, Kahlouche and Karim, Achour},
  journal={International Journal of Advanced Robotic Systems},
  volume={4},
  number={1},
  pages={2},
  year={2007},
  publisher={SAGE Publications Sage UK: London, England}
}

@article{srinivasan2011honeybees,
  title={Honeybees as a model for the study of visually guided flight, navigation, and biologically inspired robotics},
  author={Srinivasan, Mandyam V},
  journal={Physiological reviews},
  volume={91},
  number={2},
  pages={413--460},
  year={2011},
  publisher={American Physiological Society Bethesda, MD}
}